@article{Glyn-Jones2015,
    title = {{Osteoarthritis}},
    year = {2015},
    journal = {The Lancet},
    author = {Glyn-Jones, S and Palmer, A J R and Agricola, R and Price, A J and Vincent, T L and Weinans, H and Carr, A J},
    number = {9991},
    month = {3},
    pages = {376--87},
    volume = {386},
    publisher = {Elsevier},
    url = {http://www.thelancet.com/article/S0140673614608023/fulltext},
    doi = {10.1016/S0140-6736(14)60802-3},
    issn = {01406736},
    pmid = {25748615},
    language = {English}
}

@article{Cicuttini2001,
    title = {{Tibial and femoral cartilage changes in knee osteoarthritis.}},
    year = {2001},
    journal = {Annals of the rheumatic diseases},
    author = {Cicuttini, F M and Wluka, A E and Stuckey, S L},
    number = {10},
    month = {10},
    pages = {977--80},
    volume = {60},
    url = {http://www.ncbi.nlm.nih.gov/pubmed/11557657 http://www.pubmedcentral.nih.gov/articlerender.fcgi?artid=PMC1753397},
    issn = {0003-4967},
    pmid = {11557657}
}

@article{Dieleman2015,
    title = {{Lasagne: First release.}},
    year = {2015},
    author = {Dieleman, Sander and Schl{\"{u}}ter, Jan and Raffel, Colin and Olson, Eben and S{\o}nderby, Søren Kaae and Nouri, Daniel and Battenberg, Eric and Oord, Aäron van den},
    month = {8},
    url = {http://dx.doi.org/10.5281/zenodo.27878},
    doi = {10.5281/zenodo.27878}
}

@article{Hayes2005,
    title = {{Osteoarthritis of the knee: comparison of MR imaging findings with radiographic severity measurements and pain in middle-aged women.}},
    year = {2005},
    journal = {Radiology},
    author = {Hayes, Curtis W and Jamadar, David A and Welch, Gavin W and Jannausch, Mary L and Lachance, Laurie L and Capul, Diana C and Sowers, MaryFran R},
    number = {3},
    month = {12},
    pages = {998--1007},
    volume = {237},
    publisher = {Radiological Society of North America},
    url = {http://pubs.rsna.org/doi/full/10.1148/radiol.2373041989},
    doi = {10.1148/radiol.2373041989},
    issn = {0033-8419},
    pmid = {16251398},
    keywords = {Adult, Analysis of Variance, Chi-Square Distribution, Female, Humans, Magnetic Resonance Imaging, Middle Aged, Osteoarthritis, Knee, Osteoarthritis, Knee: pathology, Osteoarthritis, Knee: radiography, Pain Measurement, Prospective Studies},
    language = {en}
}

@article{Folkesson2007,
    title = {{Segmenting articular cartilage automatically using a voxel classification approach.}},
    year = {2007},
    journal = {IEEE transactions on medical imaging},
    author = {Folkesson, Jenny and Dam, Erik B and Olsen, Ole F and Pettersen, Paola C and Christiansen, Claus},
    number = {1},
    month = {1},
    pages = {106--15},
    volume = {26},
    url = {http://www.ncbi.nlm.nih.gov/pubmed/17243589},
    doi = {10.1109/TMI.2006.886808},
    issn = {0278-0062},
    pmid = {17243589},
    keywords = {Adult, Aged, Algorithms, Artificial Intelligence, Cartilage, Articular, Cartilage, Articular: pathology, Cluster Analysis, Female, Humans, Image Enhancement, Image Enhancement: methods, Image Interpretation, Computer-Assisted, Image Interpretation, Computer-Assisted: methods, Imaging, Three-Dimensional, Imaging, Three-Dimensional: methods, Information Storage and Retrieval, Information Storage and Retrieval: methods, Male, Middle Aged, Osteoarthritis, Osteoarthritis: diagnosis, Pattern Recognition, Automated, Pattern Recognition, Automated: methods, Reproducibility of Results, Sensitivity and Specificity, Signal Processing, Computer-Assisted}
}

@article{Schmidhuber2015,
    title = {{Deep learning in neural networks: An overview}},
    year = {2015},
    journal = {Neural Networks},
    author = {Schmidhuber, Jürgen},
    pages = {85--117},
    volume = {61},
    doi = {10.1016/j.neunet.2014.09.003},
    issn = {08936080}
}

@article{Bhosale2008,
    title = {{Articular cartilage: structure, injuries and review of management.}},
    year = {2008},
    journal = {British medical bulletin},
    author = {Bhosale, Abhijit M and Richardson, James B},
    number = {1},
    month = {1},
    pages = {77--95},
    volume = {87},
    url = {http://bmb.oxfordjournals.org/content/87/1/77.full},
    doi = {10.1093/bmb/ldn025},
    issn = {1471-8391},
    pmid = {18676397},
    keywords = {Cartilage Diseases, Cartilage Diseases: therapy, Cartilage, Articular, Cartilage, Articular: anatomy {\&} histology, Cartilage, Articular: injuries, Humans, Joint Diseases, Joint Diseases: therapy, Randomized Controlled Trials as Topic}
}

@article{Dodin2010,
    title = {{Automatic Human Knee Cartilage Segmentation From 3-D Magnetic Resonance Images}},
    year = {2010},
    journal = {IEEE Transactions on Biomedical Engineering},
    author = {Dodin, P and Pelletier, J and Martel-Pelletier, J and Abram, F},
    number = {11},
    month = {11},
    pages = {2699--2711},
    volume = {57},
    publisher = {IEEE},
    url = {http://ieeexplore.ieee.org/lpdocs/epic03/wrapper.htm?arnumber=5510111},
    doi = {10.1109/TBME.2010.2058112},
    issn = {0018-9294},
    keywords = {0, 3D magnetic resonance image, 3T scanner, Bayes methods, Bayesian decision criterion, Biological tissues, Bones, Cartilage volume, Coils, Dice similarity coefficient, Humans, Image segmentation, Image texture analysis, Knee, MRI, Magnetic resonance, Magnetic resonance imaging, Osteoarthritis, Pearson correlation, automatic human knee cartilage segmentation, automatic segmentation algorithm, biological tissues, biomedical MRI, bone-cartilage interface, cartilage volume, diseases, double echo steady state sequence, femur, human knee cartilage volume quantification, image resampling, image sampling, image segmentation, image texture, knee coil, knee osteoarthritis patient, magnetic resonance imaging (MRI), medical image processing, soft tissue, surface parameterization, synovial fluid, test-retest procedure, texture analysis, texture-analysis, three-dimensional segmentation, tibia}
}

@article{Dieppe2011,
    title = {{Developments in osteoarthritis.}},
    year = {2011},
    journal = {Rheumatology (Oxford, England)},
    author = {Dieppe, Paul},
    number = {2},
    month = {2},
    pages = {245--7},
    volume = {50},
    url = {http://rheumatology.oxfordjournals.org/content/50/2/245.full},
    doi = {10.1093/rheumatology/keq373},
    issn = {1462-0332},
    pmid = {21242247},
    keywords = {Biomechanical Phenomena, Disease Progression, Humans, Joints, Joints: physiology, Osteoarthritis, Osteoarthritis: physiopathology, Pain, Rheumatology, Rheumatology: trends}
}

@inproceedings{cirecsan2011convolutional,
    title = {{Convolutional neural network committees for handwritten character classification}},
    year = {2011},
    booktitle = {Document Analysis and Recognition (ICDAR), 2011 International Conference on},
    author = {Cire{\textbackslash}csan, Dan Claudiu and Meier, Ueli and Gambardella, Luca Maria and Schmidhuber, Jürgen},
    pages = {1135--1139},
    organization = {IEEE}
}

@incollection{Dhawan2010,
    title = {{Image Registration}},
    year = {2010},
    booktitle = {Medical Image Analysis},
    author = {Dhawan, Atam P.},
    month = {12},
    pages = {311--333},
    publisher = {John Wiley {\&} Sons, Inc.},
    url = {http://doi.wiley.com/10.1002/9780470918548.ch12},
    address = {Hoboken, NJ, USA},
    doi = {10.1002/9780470918548.ch12}
}

@article{Simonyan2015,
    title = {{Very Deep Convolutional Networks for Large-Scale Image Recognition}},
    year = {2014},
    journal = {ImageNet Challenge},
    author = {Simonyan, Karen and Zisserman, Andrew},
    pages = {1--10},
    url = {http://arxiv.org/abs/1409.1556},
    isbn = {0950-5849},
    doi = {10.1016/j.infsof.2008.09.005},
    issn = {09505849},
    arxivId = {1409.1556},
    keywords = {()}
}

@incollection{Dhawan2010a,
    title = {{Current and Future Trends in Medical Imaging and Image Analysis}},
    year = {2010},
    booktitle = {Medical Image Analysis},
    author = {Dhawan, Atam P.},
    month = {12},
    pages = {353--368},
    publisher = {John Wiley {\&} Sons, Inc.},
    url = {http://doi.wiley.com/10.1002/9780470918548.ch14},
    address = {Hoboken, NJ, USA},
    doi = {10.1002/9780470918548.ch14}
}

@article{Zhang2010EpidemiologyOsteoarthritis.,
    title = {{Epidemiology of osteoarthritis.}},
    year = {2010},
    journal = {Clinics in geriatric medicine},
    author = {Zhang, Yuqing and Jordan, Joanne M},
    number = {3},
    pages = {355--369},
    volume = {26},
    url = {http://www.pubmedcentral.nih.gov/articlerender.fcgi?artid=2920533{\{}{\&}{\}}tool=pmcentrez{\{}{\&}{\}}rendertype=abstract},
    doi = {10.1016/j.cger.2010.03.001}
}

@inproceedings{krizhevsky2012imagenet,
    title = {{Imagenet classification with deep convolutional neural networks}},
    year = {2012},
    booktitle = {Advances in neural information processing systems},
    author = {Krizhevsky, Alex and Sutskever, Ilya and Hinton, Geoffrey E},
    pages = {1097--1105}
}

@inproceedings{bergstra+al:2010-scipy,
    title = {{Theano: a {\{}CPU{\}} and {\{}GPU{\}} Math Expression Compiler}},
    year = {2010},
    booktitle = {Proceedings of the Python for Scientific Computing Conference ({\{}SciPy{\}})},
    author = {Bergstra, James and Breuleux, Olivier and Bastien, Frédéric and Lamblin, Pascal and Pascanu, Razvan and Desjardins, Guillaume and Turian, Joseph and Warde-Farley, David and Bengio, Yoshua},
    month = {6}
}

@article{Eckstein2009,
    title = {{Quantitative MR imaging of cartilage and trabecular bone in osteoarthritis.}},
    year = {2009},
    journal = {Radiologic clinics of North America},
    author = {Eckstein, Felix and Guermazi, Ali and Roemer, Frank W},
    number = {4},
    month = {7},
    pages = {655--73},
    volume = {47},
    publisher = {Elsevier},
    url = {http://www.radiologic.theclinics.com/article/S0033838909000761/fulltext},
    doi = {10.1016/j.rcl.2009.03.002},
    issn = {1557-8275},
    pmid = {19631074},
    keywords = {Cartilage, Articular, Cartilage, Articular: pathology, Cartilage, Articular: radiography, Humans, Imaging, Three-Dimensional, Imaging, Three-Dimensional: methods, Knee Joint, Knee Joint: pathology, Knee Joint: radiography, Magnetic Resonance Imaging, Magnetic Resonance Imaging: methods, Magnetic Resonance Imaging: trends, Osteoarthritis, Knee, Osteoarthritis, Knee: pathology, Osteoarthritis, Knee: radiography},
    language = {English}
}

@article{Maas,
    title = {{Rectifier nonlinearities improve neural network acoustic models}},
    year = {2013},
    journal = {ICML Workshop on Deep Learning for Audio, Speech and Language Processing},
    author = {Maas, Andrew L. and Hannun, Awni Y. and Ng, Andrew Y.},
    volume = {28},
    url = {http://www.stanford.edu/{\~{}}awni/papers/relu{\_}hybrid{\_}icml2013{\_}final.pdf}
}

@article{Fripp2010,
    title = {{Automatic segmentation and quantitative analysis of the articular cartilages from magnetic resonance images of the knee.}},
    year = {2010},
    journal = {IEEE transactions on medical imaging},
    author = {Fripp, Jurgen and Crozier, Stuart and Warfield, Simon K and Ourselin, Sébastien},
    number = {1},
    month = {1},
    pages = {55--64},
    volume = {29},
    publisher = {IEEE},
    url = {http://ieeexplore.ieee.org/articleDetails.jsp?arnumber=5071225},
    doi = {10.1109/TMI.2009.2024743},
    issn = {1558-254X},
    pmid = {19520633},
    keywords = {Algorithms, Cartilage, Articular, Cartilage, Articular: anatomy {\&} histology, Humans, Image Processing, Computer-Assisted, Image Processing, Computer-Assisted: methods, Knee Joint, Knee Joint: anatomy {\&} histology, Magnetic Resonance Imaging, Magnetic Resonance Imaging: methods, Models, Biological, Reproducibility of Results},
    language = {English}
}

@article{Fannjiang2016,
    title = {{Nonlinear activations for convolutional neural network acoustic models}},
    year = {2016},
    author = {Fannjiang, Clara}
}

@inproceedings{sutskever2013importance,
    title = {{On the importance of initialization and momentum in deep learning}},
    year = {2013},
    booktitle = {Proceedings of the 30th international conference on machine learning (ICML-13)},
    author = {Sutskever, Ilya and Martens, James and Dahl, George and Hinton, Geoffrey},
    pages = {1139--1147}
}

@article{Dam2015,
    title = {{Automatic segmentation of high- and low-field knee MRIs using knee image quantification with data from the osteoarthritis initiative}},
    year = {2015},
    journal = {Journal of Medical Imaging},
    author = {Dam, Erik B. and Lillholm, Martin and Marques, Joselene and Nielsen, Mads},
    number = {2},
    pages = {024001},
    volume = {2},
    url = {http://medicalimaging.spiedigitallibrary.org/article.aspx?doi=10.1117/1.JMI.2.2.024001},
    doi = {10.1117/1.JMI.2.2.024001},
    issn = {2329-4302},
    keywords = {14, 20, 2014, 2015, 27, accepted for publication mar, knee, mri, osteoarthritis, paper 14109rr received aug, published online apr, segmentation}
}

@article{Li,
    title = {{Efficient Mini-batch Training for Stochastic Optimization}},
    year = {2014},
    journal = {Kdd},
    author = {Li, Mu and Zhang, Tong and Chen, Yuqiang and Smola, Alexander J},
    pages = {661--670},
    isbn = {9781450329569},
    doi = {10.1145/2623330.2623612}
}

@article{Lawrence2008,
    title = {{Estimates of the prevalence of arthritis and other rheumatic conditions in the United States. Part II.}},
    year = {2008},
    journal = {Arthritis and rheumatism},
    author = {Lawrence, Reva C and Felson, David T and Helmick, Charles G and Arnold, Lesley M and Choi, Hyon and Deyo, Richard A and Gabriel, Sherine and Hirsch, Rosemarie and Hochberg, Marc C and Hunder, Gene G and Jordan, Joanne M and Katz, Jeffrey N and Kremers, Hilal Maradit and Wolfe, Frederick},
    number = {1},
    month = {1},
    pages = {26--35},
    volume = {58},
    url = {http://www.pubmedcentral.nih.gov/articlerender.fcgi?artid=3266664{\&}tool=pmcentrez{\&}rendertype=abstract},
    doi = {10.1002/art.23176},
    issn = {0004-3591},
    pmid = {18163497},
    keywords = {Adolescent, Adult, Aged, Back Pain, Back Pain: epidemiology, Carpal Tunnel Syndrome, Carpal Tunnel Syndrome: epidemiology, Female, Fibromyalgia, Fibromyalgia: epidemiology, Giant Cell Arteritis, Giant Cell Arteritis: epidemiology, Gout, Gout: epidemiology, Humans, Male, Middle Aged, Neck Pain, Neck Pain: epidemiology, Osteoarthritis, Osteoarthritis: epidemiology, Polymyalgia Rheumatica, Polymyalgia Rheumatica: epidemiology, Prevalence, Rheumatic Diseases, Rheumatic Diseases: epidemiology, United States, United States: epidemiology}
}

@article{Zhang,
    title = {{Automatic knee cartilage segmentation from multi-contrast MR images using support vector machine classification with spatial dependencies}},
    year = {2013},
    journal = {Magnetic Resonance Imaging},
    author = {Zhang, Kunlei and Lu, Wenmiao and Marziliano, Pina},
    number = {10},
    pages = {1731--1743},
    volume = {31},
    isbn = {1873-5894 (Electronic){\textbackslash}r0730-725X (Linking)},
    doi = {10.1016/j.mri.2013.06.005},
    issn = {0730725X},
    pmid = {23867282},
    keywords = {Discriminative random field (DRF), Knee cartilage, Magnetic resonance imaging (MRI), Multi-contrast Segmentation, Support vector machine (SVM)}
}

@incollection{Dhawan2010c,
    title = {{Image Segmentation}},
    year = {2010},
    booktitle = {Medical Image Analysis},
    author = {Dhawan, Atam P.},
    month = {12},
    pages = {229--264},
    publisher = {John Wiley {\&} Sons, Inc.},
    url = {http://doi.wiley.com/10.1002/9780470918548.ch10},
    address = {Hoboken, NJ, USA},
    doi = {10.1002/9780470918548.ch10}
}

@article{Anas2016,
    title = {{Automatic Segmentation of Wrist Bones in CT Using a Statistical Wrist Shape+Pose Model}},
    year = {2016},
    journal = {IEEE Transactions on Medical Imaging},
    author = {Anas, Emran Mohammad Abu and Rasoulian, Abtin and Seitel, Alexander and Darras, Kathryn and Wilson, David and St.John, Paul and Pichora, David and Mousavi, Parvin and Rohling, Robert and Abolmaesumi, Purang},
    number = {8},
    pages = {1--1},
    volume = {35},
    publisher = {IEEE},
    url = {http://ieeexplore.ieee.org/lpdocs/epic03/wrapper.htm?arnumber=7406731},
    doi = {10.1109/TMI.2016.2529500},
    issn = {0278-0062},
    keywords = {Automatic segmentation, Bones, CT segmentation, Computed tomography, Image segmentation, Joints, Shape, Statistics, Wrist, statistical model, wrist, wrist bone}
}

@article{Glocker2007,
    title = {{Primal/dual linear programming and statistical atlases for cartilage segmentation.}},
    year = {2007},
    journal = {Medical image computing and computer-assisted intervention : MICCAI ... International Conference on Medical Image Computing and Computer-Assisted Intervention},
    author = {Glocker, Ben and Komodakis, Nikos and Paragios, Nikos and Glaser, Christian and Tziritas, Georgios and Navab, Nassir},
    number = {Pt 2},
    pages = {536--43},
    volume = {10},
    url = {http://www.ncbi.nlm.nih.gov/pubmed/18044610},
    pmid = {18044610}
}

@article{Yusuf2011,
    title = {{Do knee abnormalities visualised on MRI explain knee pain in knee osteoarthritis? A systematic review.}},
    year = {2011},
    journal = {Annals of the rheumatic diseases},
    author = {Yusuf, Erlangga and Kortekaas, Marion C and Watt, Iain and Huizinga, Tom W J and Kloppenburg, Margreet},
    number = {1},
    month = {1},
    pages = {60--7},
    volume = {70},
    url = {http://ard.bmj.com/content/70/1/60.short},
    doi = {10.1136/ard.2010.131904},
    issn = {1468-2060},
    pmid = {20829200},
    keywords = {Evidence-Based Medicine, Evidence-Based Medicine: methods, Female, Humans, Knee Joint, Knee Joint: pathology, Magnetic Resonance Imaging, Male, Osteoarthritis, Knee, Osteoarthritis, Knee: complications, Osteoarthritis, Knee: pathology, Pain, Pain: etiology, Pain: pathology}
}

@article{Garcia-Lorenzo2013,
    title = {{Review of automatic segmentation methods of multiple sclerosis white matter lesions on conventional magnetic resonance imaging.}},
    year = {2013},
    journal = {Medical image analysis},
    author = {Garc{\'{i}}a-Lorenzo, Daniel and Francis, Simon and Narayanan, Sridar and Arnold, Douglas L and Collins, D Louis},
    number = {1},
    month = {1},
    pages = {1--18},
    volume = {17},
    url = {http://www.sciencedirect.com/science/article/pii/S1361841512001338},
    doi = {10.1016/j.media.2012.09.004},
    issn = {1361-8423},
    pmid = {23084503},
    keywords = {Brain, Brain: pathology, Humans, Magnetic Resonance Imaging, Magnetic Resonance Imaging: methods, Multiple Sclerosis, Multiple Sclerosis: pathology}
}

@article{Weiss2007,
    title = {{Osteoarthritis revisited: a contemporary review of aetiology}},
    year = {2007},
    journal = {International Journal of Osteoarchaeology},
    author = {Weiss, E. and Jurmain, R.},
    number = {5},
    month = {9},
    pages = {437--450},
    volume = {17},
    url = {http://doi.wiley.com/10.1002/oa.889},
    doi = {10.1002/oa.889},
    issn = {1047482X}
}

@incollection{Dhawan2010b,
    title = {{Introduction}},
    year = {2010},
    booktitle = {Medical Image Analysis},
    author = {Dhawan, Atam P.},
    month = {12},
    pages = {1--22},
    publisher = {John Wiley {\&} Sons, Inc.},
    url = {http://doi.wiley.com/10.1002/9780470918548.ch1},
    address = {Hoboken, NJ, USA},
    doi = {10.1002/9780470918548.ch1}
}

@article{Scherer,
    title = {{Evaluation of pooling operations in convolutional architectures for object recognition}},
    year = {2010},
    journal = {Lecture Notes in Computer Science (including subseries Lecture Notes in Artificial Intelligence and Lecture Notes in Bioinformatics)},
    author = {Scherer, Dominik and M??ller, Andreas and Behnke, Sven},
    number = {PART 3},
    pages = {92--101},
    volume = {6354 LNCS},
    url = {http://www.ais.uni-bonn.de},
    isbn = {3642158242},
    doi = {10.1007/978-3-642-15825-4{\_}10},
    issn = {03029743}
}

@article{Alipanahi2015,
    title = {{Predicting the sequence specificities of DNA- and RNA-binding proteins by deep learning}},
    year = {2015},
    journal = {Nature Biotechnology},
    author = {Alipanahi, Babak and Delong, Andrew and Weirauch, Matthew T and Frey, Brendan J},
    number = {8},
    month = {7},
    pages = {831--838},
    volume = {33},
    publisher = {Nature Publishing Group},
    url = {http://www.nature.com/doifinder/10.1038/nbt.3300},
    doi = {10.1038/nbt.3300},
    issn = {1087-0156}
}

@inproceedings{LeCun2004,
    title = {{Learning methods for generic object recognition with invariance to pose and lighting}},
    year = {2004},
    booktitle = {Proceedings of the 2004 IEEE Computer Society Conference on Computer Vision and Pattern Recognition, 2004. CVPR 2004.},
    author = {LeCun, Y. and Fu Jie Huang, Fu Jie and Bottou, L.},
    pages = {97--104},
    volume = {2},
    publisher = {IEEE},
    url = {http://ieeexplore.ieee.org/lpdocs/epic03/wrapper.htm?arnumber=1315150},
    isbn = {0-7695-2158-4},
    doi = {10.1109/CVPR.2004.1315150},
    keywords = {Airplanes, Animals, Azimuth, Gray-scale, Humans, Learning systems, Object recognition, Support vector machine classification, Support vector machines, Testing, computer vision, convolutional networks, feature extraction, generic object recognition, image segmentation, learning methods, lighting invariance, low-resolution grayscale images, nearest neighbor methods, object detection, pose invariance, principal component analysis, stereo image processing, support vector machines, test error rates, very large databases, visual databases}
}

@article{Kauderer-Abrams,
    title = {{Quantifying Translation-Invariance in Convolutional Neural Networks}},
    year = {2016},
    author = {{Eric Kauderer-Abrams}}
}

@article{Lecun1998,
    title = {{Gradient-Based Learning Applied to Document Recognition RS-SVM Reduced-set support vector method. SDNN Space displacement neural network. SVM Support vector method. TDNN Time delay neural network. V-SVM Virtual support vector method}},
    year = {1998},
    journal = {PROC. OF THE IEEE},
    author = {Lecun, Yann and Eon Bottou, L and Bengio, Yoshua and Haaner, Patrick},
    keywords = {Convo-lutional Neural Networks, Document Recogni-tion, Gradient-Based Learning, Graph Transformer Networks, Machine Learning, OCR, | Neural Networks}
}

@inproceedings{Collobert2008,
    title = {{A unified architecture for natural language processing}},
    year = {2008},
    booktitle = {Proceedings of the 25th international conference on Machine learning - ICML '08},
    author = {Collobert, Ronan and Weston, Jason},
    pages = {160--167},
    publisher = {ACM Press},
    url = {http://portal.acm.org/citation.cfm?doid=1390156.1390177},
    address = {New York, New York, USA},
    isbn = {9781605582054},
    doi = {10.1145/1390156.1390177}
}

@article{HUBEL1962,
    title = {{Receptive fields, binocular interaction and functional architecture in the cat's visual cortex}},
    year = {1962},
    journal = {The Journal of Physiology},
    author = {Hubel, D. H. and Wiesel, T. N.},
    number = {1},
    month = {1},
    pages = {106--154},
    volume = {160},
    url = {http://www.ncbi.nlm.nih.gov/pubmed/14449617 http://www.pubmedcentral.nih.gov/articlerender.fcgi?artid=PMC1359523 http://www.ncbi.nlm.nih.gov/pmc/articles/PMC1359523/{\textbackslash}nhttp://www.ncbi.nlm.nih.gov/pmc/articles/PMC1359523/pdf/jphysiol01247-0121.pdf},
    isbn = {0270-6474},
    doi = {10.1523/JNEUROSCI.1991-09.2009},
    issn = {0022-3751},
    pmid = {19776262},
    keywords = {CEREBRAL CORTEX/physiology}
}

@unpublished{Goodfellow-et-al-2016-Book,
    title = {{Deep Learning}},
    year = {2016},
    author = {Bengio, Ian Goodfellow Yoshua and Courville, Aaron},
    url = {http://www.deeplearningbook.org}
}

@book{MATLAB:2010,
    title = {{version 8.5.0 (R2015a)}},
    year = {2015},
    author = {{MATLAB}},
    publisher = {The MathWorks Inc.},
    address = {Natick, Massachusetts}
}

@inproceedings{maas2013rectifier,
    title = {{Rectifier nonlinearities improve neural network acoustic models}},
    year = {2013},
    booktitle = {Proc. ICML},
    author = {Maas, Andrew L and Hannun, Awni Y and Ng, Andrew Y},
    number = {1},
    volume = {30}
}

@inproceedings{nesterov1983method,
    title = {{A method for unconstrained convex minimization problem with the rate of convergence O (1/k2)}},
    year = {1983},
    booktitle = {Doklady an SSSR},
    author = {Nesterov, Yurii},
    number = {3},
    pages = {543--547},
    volume = {269}
}

@article{2013Prevalence2010-2012.,
    title = {{Prevalence of doctor-diagnosed arthritis and arthritis-attributable activity limitation--United States, 2010-2012.}},
    year = {2013},
    journal = {MMWR. Morbidity and mortality weekly report},
    number = {44},
    month = {11},
    pages = {869--73},
    volume = {62},
    url = {http://www.ncbi.nlm.nih.gov/pubmed/24196662},
    issn = {1545-861X},
    pmid = {24196662},
    keywords = {Activities of Daily Living, Adolescent, Adult, Aged, Arthritis, Arthritis: diagnosis, Arthritis: epidemiology, Arthritis: physiopathology, Female, Health Surveys, Humans, Male, Middle Aged, Mobility Limitation, Prevalence, United States, United States: epidemiology, Young Adult}
}

@article{VanDerSmagt1996AnNetworks,
    title = {{An introduction to Neural Networks}},
    year = {1996},
    author = {Van Der Smagt, Patrick and Krose, Ben and Krr, Ben},
    url = {http://www.fwi.uva.nl/research/neuro/ http://www.op.dlr.de/FF-DR-RS/}
}

@article{Lippmann1989ReviewRecognition,
    title = {{Review of Neural Networks for Speech Recognition}},
    year = {1989},
    journal = {Neural Computation},
    author = {Lippmann, Richard P.},
    number = {1},
    month = {3},
    pages = {1--38},
    volume = {1},
    publisher = {MIT Press},
    url = {http://www.mitpressjournals.org/doi/abs/10.1162/neco.1989.1.1.1},
    doi = {10.1162/neco.1989.1.1.1},
    issn = {0899-7667}
}

@article{Carpenter1989NeuralMemory,
    title = {{Neural network models for pattern recognition and associative memory}},
    year = {1989},
    journal = {Neural Networks},
    author = {Carpenter, Gail A},
    number = {4},
    pages = {243--257},
    volume = {2},
    doi = {10.1016/0893-6080(89)90035-X},
    issn = {08936080}
}

@article{Hinton2007LearningRepresentation,
    title = {{Learning multiple layers of representation}},
    year = {2007},
    journal = {Trends in Cognitive Sciences},
    author = {Hinton, Geoffrey E.},
    number = {10},
    pages = {428--434},
    volume = {11},
    isbn = {1364-6613 (Print){\textbackslash}r1364-6613 (Linking)},
    doi = {10.1016/j.tics.2007.09.004},
    issn = {13646613},
    pmid = {17921042}
}

@inproceedings{Korkmaz2016DevelopingSystems,
    title = {{Developing password security system by using artificial neural networks in user log in systems}},
    year = {2016},
    booktitle = {2016 Electric Electronics, Computer Science, Biomedical Engineerings' Meeting (EBBT)},
    author = {Korkmaz, Yusuf},
    month = {4},
    pages = {1--4},
    publisher = {IEEE},
    url = {http://ieeexplore.ieee.org/lpdocs/epic03/wrapper.htm?arnumber=7483682},
    isbn = {978-1-5090-0876-6},
    doi = {10.1109/EBBT.2016.7483682},
    keywords = {Artificial intelligence, Artificial neural network, Artificial neural networks, Banking, Internet, Keyboards, Machine learning, Media, Mobile communication, Security, User log in system security, banking, emotional connection, keyboards, learning (artificial intelligence), machine learning, malicious people, mobile banking, neural nets, neural networks, password entry style, password matching, password security system development, personal keyboard style, security of data, social media, social networking (online), user entry system, user log}
}

@article{Barunik2016ForecastingNetworks,
    title = {{Forecasting the term structure of crude oil futures prices with neural networks}},
    year = {2016},
    journal = {Applied Energy},
    author = {Barun{\'{i}}k, Jozef and Malinsk{\'{a}}, Barbora},
    pages = {366--379},
    volume = {164},
    doi = {10.1016/j.apenergy.2015.11.051},
    issn = {03062619}
}

@article{Zribi2016NeuralMaking,
    title = {{Neural networks in the medical decision making}},
    year = {2016},
    journal = {IJCSIS) International Journal of Computer Science and Information Security},
    author = {Zribi, Manel and Boujelbene, Younes},
    number = {2},
    volume = {14},
    keywords = {-ANN, incremental algorithm, risk factor classification}
}

@article{Hinton2006ANets.,
    title = {{A fast learning algorithm for deep belief nets.}},
    year = {2006},
    journal = {Neural computation},
    author = {Hinton, Geoffrey E and Osindero, Simon and Teh, Yee-Whye YW},
    number = {7},
    pages = {1527--54},
    volume = {18},
    url = {http://www.mitpressjournals.org/doi/abs/10.1162/neco.2006.18.7.1527},
    isbn = {0899-7667},
    doi = {10.1162/neco.2006.18.7.1527},
    issn = {0899-7667},
    pmid = {16764513},
    arxivId = {1111.6189v1},
    keywords = {Algorithms, Animals, Humans, Learning, Learning: physiology, Neural Networks (Computer), Neurons, Neurons: physiology}
}

@article{LeCun2015DeepLearning,
    title = {{Deep learning}},
    year = {2015},
    journal = {Nature},
    author = {LeCun, Yann and Bengio, Yoshua and Hinton, Geoffrey},
    number = {7553},
    month = {5},
    pages = {436--444},
    volume = {521},
    publisher = {Nature Research},
    url = {http://www.nature.com/doifinder/10.1038/nature14539},
    doi = {10.1038/nature14539},
    issn = {0028-0836}
}

@article{Egmont-Petersen2002ImageReview,
    title = {{Image processing with neural networks—a review}},
    year = {2002},
    journal = {Pattern Recognition},
    author = {Egmont-Petersen, M. and de Ridder, D. and Handels, H.},
    number = {10},
    pages = {2279--2301},
    volume = {35},
    doi = {10.1016/S0031-3203(01)00178-9},
    issn = {00313203}
}

@article{Goodfellow2013Multi-digitNetworks,
    title = {{Multi-digit Number Recognition from Street View Imagery using Deep Convolutional Neural Networks}},
    year = {2013},
    journal = {arXiv preprint arXiv: {\ldots}},
    author = {Goodfellow, Ian J. and Bulatov, Yaroslav and Ibarz, Julian and Arnoud, Sacha and Shet, Vinay},
    month = {12},
    pages = {1--13},
    url = {http://arxiv.org/abs/1312.6082},
    pmid = {1000106228},
    arxivId = {1312.6082}
}

@article{Mikolov2013ExploitingTranslation,
    title = {{Exploiting Similarities among Languages for Machine Translation}},
    year = {2013},
    journal = {arXiv preprint arXiv:1309.4168v1},
    author = {Mikolov, Tomas and Le, Quoc V and Sutskever, Ilya},
    month = {9},
    pages = {1--10},
    url = {http://arxiv.org/abs/1309.4168v1{\textbackslash}nhttp://arxiv.org/abs/1309.4168},
    isbn = {1309.4168},
    arxivId = {1309.4168}
}

@article{Graves2013SpeechNetworks,
    title = {{Speech Recognition with Deep Recurrent Neural Networks}},
    year = {2013},
    journal = {Acoustics, Speech and Signal Processing (ICASSP), 2013 IEEE International Conference on. IEEE},
    author = {Graves, Alex and Mohamed, Abdel-rahman and Hinton, Geoffrey},
    month = {3},
    pages = {6645--6649},
    url = {http://arxiv.org/abs/1303.5778},
    isbn = {978-1-4799-0356-6},
    doi = {10.1109/ICASSP.2013.6638947},
    issn = {1520-6149},
    arxivId = {1303.5778}
}

@inproceedings{Graupe1988ApplicationsProcessing,
    title = {{Applications of neural networks to medical signal processing}},
    year = {1988},
    booktitle = {Proceedings of the 27th IEEE Conference on Decision and Control},
    author = {Graupe, D. and Liu, R.W. and Moschytz, G.S.},
    pages = {343--347},
    publisher = {IEEE},
    url = {http://ieeexplore.ieee.org/lpdocs/epic03/wrapper.htm?arnumber=194325},
    doi = {10.1109/CDC.1988.194325},
    keywords = {Biomedical imaging, Biomedical signal processing, EMG, Electrodes, Electromyography, Legged locomotion, Medical diagnostic imaging, Neural networks, Neuromuscular stimulation, Signal processing, Testing, bioelectric potentials, electromyography, functional neural stimulation, medical signal processing, motor unit action potentials, muscle, neural nets, neural networks, neurophysiology, paraplegics, signal processing, walking functions}
}

@article{Lecun1998Gradient-basedRecognition,
    title = {{Gradient-based learning applied to document recognition}},
    year = {1998},
    journal = {Proceedings of the IEEE},
    author = {Lecun, Y. and Bottou, L. and Bengio, Y. and Haffner, P.},
    number = {11},
    pages = {2278--2324},
    volume = {86},
    publisher = {IEEE},
    url = {http://ieeexplore.ieee.org/lpdocs/epic03/wrapper.htm?arnumber=726791},
    doi = {10.1109/5.726791},
    issn = {00189219},
    keywords = {2D shape variability, Character recognition, Feature extraction, GTN, Hidden Markov models, Machine learning, Multi-layer neural network, Neural networks, Optical character recognition software, Optical computing, Pattern recognition, Principal component analysis, back-propagation, backpropagation, cheque reading, complex decision surface synthesis, convolution, convolutional neural network character recognizers, document recognition, document recognition systems, field extraction, gradient based learning technique, gradient-based learning, graph transformer networks, handwritten character recognition, handwritten digit recognition task, high-dimensional patterns, language modeling, multilayer neural networks, multilayer perceptrons, multimodule systems, optical character recognition, performance measure minimization, segmentation recognition}
}

@article{RanzatoMarcAurelio2007UnsupervisedRecognition,
    title = {{Unsupervised Learning of Invariant Feature Hierarchies{\textbackslash}nwith Applications to Object Recognition}},
    year = {2007},
    journal = {IEEE Conference on Computer Vision and Pattern Recognition},
    author = {{Ranzato Marc’Aurelio} and {Huang Fu Jie} and {Boureau Y-Lan} and {LeCun Yann}},
    pages = {1--8},
    url = {http://ieeexplore.ieee.org/xpls/abs{\_}all.jsp?arnumber=4270182},
    isbn = {1424411807}
}

@article{Maas2013RectifierModels,
    title = {{Rectifier nonlinearities improve neural network acoustic models}},
    year = {2013},
    journal = {ICML Workshop on Deep Learning for Audio, Speech and Language Processing},
    author = {Maas, Andrew L. and Hannun, Awni Y. and Ng, Andrew Y.},
    volume = {28},
    url = {http://www.stanford.edu/{\~{}}awni/papers/relu{\_}hybrid{\_}icml2013{\_}final.pdf}
}

@book{Majumdar2010AdvancesOsteoarthritis,
    title = {{Advances in MRI of the knee for osteoarthritis}},
    year = {2010},
    author = {Majumdar, Sharmila},
    pages = {268},
    publisher = {World Scientific},
    isbn = {9789814271707}
}

@article{Shan2012AUTOMATICIMAGES.,
    title = {{AUTOMATIC MULTI-ATLAS-BASED CARTILAGE SEGMENTATION FROM KNEE MR IMAGES.}},
    year = {2012},
    journal = {Proceedings / IEEE International Symposium on Biomedical Imaging: from nano to macro. IEEE International Symposium on Biomedical Imaging},
    author = {Shan, Liang and Charles, Cecil and Niethammer, Marc},
    month = {12},
    pages = {1028--1031},
    volume = {2012},
    publisher = {NIH Public Access},
    url = {http://www.ncbi.nlm.nih.gov/pubmed/24443678 http://www.pubmedcentral.nih.gov/articlerender.fcgi?artid=PMC3892911},
    doi = {10.1109/ISBI.2012.6235733},
    issn = {1945-7928},
    pmid = {24443678},
    keywords = {MR, Multi-atlas, bone, cartilage, knee, probabilistic k nearest neighbor, registration, segmentation}
}

@incollection{Prasoon2013DeepNetwork,
    title = {{Deep feature learning for knee cartilage segmentation using a triplanar convolutional neural network}},
    year = {2013},
    booktitle = {Lecture Notes in Computer Science (including subseries Lecture Notes in Artificial Intelligence and Lecture Notes in Bioinformatics)},
    author = {Prasoon, Adhish and Petersen, Kersten and Igel, Christian and Lauze, Francois and Dam, Erik and Nielsen, Mads},
    number = {PART 2},
    pages = {246--253},
    volume = {8150 LNCS},
    publisher = {Springer Berlin Heidelberg},
    url = {http://link.springer.com/10.1007/978-3-642-40763-5{\_}31},
    isbn = {9783642407628},
    doi = {10.1007/978-3-642-40763-5{\_}31},
    issn = {03029743},
    pmid = {24579147}
}

@article{vanderWalt2011TheComputation,
    title = {{The NumPy Array: A Structure for Efficient Numerical Computation}},
    year = {2011},
    journal = {Computing in Science {\&} Engineering},
    author = {van der Walt, Stéfan and Colbert, S Chris and Varoquaux, Gaël},
    number = {2},
    month = {3},
    pages = {22--30},
    volume = {13},
    publisher = {IEEE},
    url = {http://ieeexplore.ieee.org/lpdocs/epic03/wrapper.htm?arnumber=5725236},
    doi = {10.1109/MCSE.2011.37},
    issn = {1521-9615},
    keywords = {Arrays, Computational efficiency, Finite element methods, NumPy, Numerical analysis, Performance evaluation, Python, Python programming language, Resource management, Vector quantization, data structures, high level language, high level languages, mathematics computing, numerical analysis, numerical computation, numerical computations, numerical data, numpy array, programming libraries, scientific programming}
}

@inproceedings{Begum2012AnalyzingData,
    title = {{Analyzing the Performance of Hierarchical Binary Classifiers for Multi-class Classification Problem Using Biological Data}},
    year = {2012},
    booktitle = {2012 11th International Conference on Machine Learning and Applications},
    author = {Begum, Salma and Aygun, Ramazan S.},
    month = {12},
    pages = {145--150},
    volume = {2},
    publisher = {IEEE},
    url = {http://ieeexplore.ieee.org/lpdocs/epic03/wrapper.htm?arnumber=6406742},
    isbn = {978-1-4673-4651-1},
    doi = {10.1109/ICMLA.2012.165},
    keywords = {Accuracy, Binary trees, Biological Data, Decoding, Encoding, Error-Correcting Output Codes, Hierarchical Binary Classifiers, Neural Networks, Neural networks, Testing, Training, bioinformatics, biological data, greedy algorithms, greedy technique, hierarchical binary classifier, hierarchical tree structure, multiclass classification problem, neural nets, neural network based classifier, pattern classification, tree data structures}
}

@misc{2016InternationalChallenge,
    title = {{International Workshop on Osteoarthritis Imaging, Segmentation Challenge}},
    year = {2016},
    url = {http://www.iwoai.org/{\#}!segmentation-challenge/cvca}
}

@article{Nobi2011AImages,
    title = {{A New Method to Remove Noise in Magnetic Resonance and Ultrasound Images}},
    year = {2011},
    journal = {J. Sci. Res},
    author = {Nobi, M N and Yousuf, M A},
    number = {1},
    pages = {81--89},
    volume = {3},
    url = {www.banglajol.info/index.php/JSR},
    doi = {10.3329/jsr.v3i1.5544}
}

@incollection{Teichtahl2012AnthropometryJoint,
    title = {{Anthropometry and the Knee Joint}},
    year = {2012},
    booktitle = {Handbook of Anthropometry},
    author = {Teichtahl, A. J. and Wluka, A. E. and Wang, Y. and Cicuttini, M. Flavia},
    pages = {801--813},
    publisher = {Springer New York},
    url = {http://link.springer.com/10.1007/978-1-4419-1788-1{\_}45},
    address = {New York, NY},
    doi = {10.1007/978-1-4419-1788-1{\_}45}
}

@incollection{Silla2006Time-SpaceClassification,
    title = {{Time-Space Ensemble Strategies for Automatic Music Genre Classification}},
    year = {2006},
    author = {Silla, Carlos N. and Kaestner, Celso A. A. and Koerich, Alessandro L.},
    pages = {339--348},
    url = {http://link.springer.com/10.1007/11874850{\_}38},
    doi = {10.1007/11874850{\_}38}
}

@article{DeBoer2005AMethod,
    title = {{A Tutorial on the Cross-Entropy Method}},
    year = {2005},
    journal = {Annals of Operations Research},
    author = {De Boer, Pieter-Tjerk and Kroese, Dirk P and Rubinstein, Reuven Y},
    pages = {19--67},
    volume = {134},
    keywords = {Monte-Carlo simulation, cross-entropy method, machine learning, randomized optimization, rare events}
}

@article{SutskeverOnLearning,
    title = {{On the importance of initialization and momentum in deep learning}},
    author = {Sutskever, Ilya and Martens, James and Dahl, George and Hinton, Geoffrey}
}

@article{Zou2004StatisticalIndex.,
    title = {{Statistical validation of image segmentation quality based on a spatial overlap index.}},
    year = {2004},
    journal = {Academic radiology},
    author = {Zou, Kelly H and Warfield, Simon K and Bharatha, Aditya and Tempany, Clare M C and Kaus, Michael R and Haker, Steven J and Wells, William M and Jolesz, Ferenc A and Kikinis, Ron},
    number = {2},
    month = {2},
    pages = {178--89},
    volume = {11},
    publisher = {NIH Public Access},
    url = {http://www.ncbi.nlm.nih.gov/pubmed/14974593 http://www.pubmedcentral.nih.gov/articlerender.fcgi?artid=PMC1415224},
    issn = {1076-6332},
    pmid = {14974593}
}

@incollection{Liao2013RepresentationSegmentation,
    title = {{Representation Learning: A Unified Deep Learning Framework for Automatic Prostate MR Segmentation}},
    year = {2013},
    author = {Liao, Shu and Gao, Yaozong and Oto, Aytekin and Shen, Dinggang},
    pages = {254--261},
    publisher = {Springer Berlin Heidelberg},
    url = {http://link.springer.com/10.1007/978-3-642-40763-5{\_}32},
    doi = {10.1007/978-3-642-40763-5{\_}32}
}

@article{Zhang2015DeepSegmentation,
    title = {{Deep convolutional neural networks for multi-modality isointense infant brain image segmentation}},
    year = {2015},
    journal = {NeuroImage},
    author = {Zhang, Wenlu and Li, Rongjian and Deng, Houtao and Wang, Li and Lin, Weili and Ji, Shuiwang and Shen, Dinggang},
    pages = {214--224},
    volume = {108},
    doi = {10.1016/j.neuroimage.2014.12.061},
    issn = {10538119}
}

@article{Avendi2016AMRI,
    title = {{A combined deep-learning and deformable-model approach to fully automatic segmentation of the left ventricle in cardiac MRI}},
    year = {2016},
    journal = {Medical Image Analysis},
    author = {Avendi, M.R. and Kheradvar, Arash and Jafarkhani, Hamid},
    pages = {108--119},
    volume = {30},
    doi = {10.1016/j.media.2016.01.005},
    issn = {13618415}
}

@article{Conaghan2011SummaryGroup.,
    title = {{Summary and recommendations of the OARSI FDA osteoarthritis Assessment of Structural Change Working Group.}},
    year = {2011},
    journal = {Osteoarthritis and cartilage / OARS, Osteoarthritis Research Society},
    author = {Conaghan, P G and Hunter, D J and Maillefert, J F and Reichmann, W M and Losina, E},
    number = {5},
    month = {5},
    pages = {606--10},
    volume = {19},
    publisher = {NIH Public Access},
    url = {http://www.ncbi.nlm.nih.gov/pubmed/21396466 http://www.pubmedcentral.nih.gov/articlerender.fcgi?artid=PMC3260466},
    doi = {10.1016/j.joca.2011.02.018},
    issn = {1522-9653},
    pmid = {21396466}
}

@article{Hinton2012ImprovingDetectors,
    title = {{Improving neural networks by preventing co-adaptation of feature detectors}},
    year = {2012},
    author = {Hinton, Geoffrey E. and Srivastava, Nitish and Krizhevsky, Alex and Sutskever, Ilya and Salakhutdinov, Ruslan R.},
    month = {7},
    url = {http://arxiv.org/abs/1207.0580},
    arxivId = {1207.0580}
}

@article{Schiphof2008DifferencesOsteoarthritis.,
    title = {{Differences in descriptions of Kellgren and Lawrence grades of knee osteoarthritis.}},
    year = {2008},
    journal = {Annals of the rheumatic diseases},
    author = {Schiphof, D and Boers, M and Bierma-Zeinstra, S M A},
    number = {7},
    month = {7},
    pages = {1034--6},
    volume = {67},
    publisher = {BMJ Publishing Group Ltd and European League Against Rheumatism},
    url = {http://www.ncbi.nlm.nih.gov/pubmed/18198197},
    doi = {10.1136/ard.2007.079020},
    issn = {1468-2060},
    pmid = {18198197},
    keywords = {Degenerative joint disease, Epidemiology, Musculoskeletal syndromes, Osteoarthritis}
}

@article{Havaei2017BrainNetworks,
    title = {{Brain tumor segmentation with Deep Neural Networks}},
    year = {2017},
    journal = {Medical Image Analysis},
    author = {Havaei, Mohammad and Davy, Axel and Warde-Farley, David and Biard, Antoine and Courville, Aaron and Bengio, Yoshua and Pal, Chris and Jodoin, Pierre-Marc and Larochelle, Hugo},
    pages = {18--31},
    volume = {35},
    doi = {10.1016/j.media.2016.05.004},
    issn = {13618415}
}

@article{Kleesiek2016DeepStripping,
    title = {{Deep MRI brain extraction: A 3D convolutional neural network for skull stripping}},
    year = {2016},
    journal = {NeuroImage},
    author = {Kleesiek, Jens and Urban, Gregor and Hubert, Alexander and Schwarz, Daniel and Maier-Hein, Klaus and Bendszus, Martin and Biller, Armin},
    pages = {460--469},
    volume = {129},
    doi = {10.1016/j.neuroimage.2016.01.024},
    issn = {10538119}
}